@book{Stewart_Robert_W2015-09-11,
title={Software Defined Radio using MATLAB & Simulink and the RTL-SDR},
author={Stewart, Robert W and Barlee, Kenneth W and Atkinson, Dale S W},
publisher={Strathclyde Academic Media},
year={2015},
month={9},
day={11},
date={2015-09-11},
edition={Paperback},
language={English},
pages={672},
keywords={Computer Simulation, Radio Operation, Radio Communications, Mobile & Wireless Telecommunications, Computer Science},
isbn={978-0992978716},
isbn10={0992978718},
url={https://lead.to/amazon/com/?op=bt&la=en&cu=usd&key=0992978718},
url-am={https://www.amazon.com/dp/0992978718/},
url-go={https://books.google.com/books?isbn=9780992978716},
url-wo={https://www.worldcat.org/search?qt=l2a&q=isbn%3A9780992978716},
timestamp={2024-04-09},
}

@misc{levelup_psk_2024,
  author       = {Kritika Saxena},
  title        = {Phase Shift Keying Modulation: An Introduction and Simulation in Python},
  year         = {2024},
  url          = {https://levelup.gitconnected.com/phase-shift-keying-modulation-an-introduction-and-simulation-in-python-7fda95529cf8},
  note         = {Accessed: 2024-08-19},
  publisher    = {Level Up Coding},
}

@book{sklar_digital_2001,
  author       = {Bernard Sklar},
  title        = {Digital Communications: Fundamentals and Applications},
  edition      = {2nd},
  year         = {2001},
  publisher    = {Prentice Hall},
  address      = {Upper Saddle River, NJ},
  isbn         = {9780130847881},
}

@misc{wikipedia_fsk_2024,
  title        = {Frequency-shift keying},
  year         = {2024},
  url          = {https://en.wikipedia.org/wiki/Frequency-shift_keying},
  note         = {Accessed: 2024-08-19},
  publisher    = {Wikipedia},
}

@article{aulin1981cpm,
  title={CPM---An Efficient Constant Amplitude Modulation Scheme},
  author={Aulin, Tor and Sundberg, Carl-Erik},
  journal={IEEE Transactions on Communications},
  volume={29},
  number={6},
  pages={839--846},
  year={1981},
  publisher={IEEE}
}

@techreport{turletti_gmsk,
  author       = {Thierry Turletti},
  title        = {GMSK in a Nutshell},
  institution  = {Telemedia Networks and Systems Group, Laboratory for Computer Science, Massachusetts Institute of Technology},
  address      = {Massachusetts, USA},
  year         = {1996},
  month        = {April},
  note         = {Email: turletti@lcs.mit.edu}
}

@misc{WikipediaMSK,
  author = {{Wikipedia contributors}},
  title = {Minimum-shift keying},
  howpublished = {\url{https://en.wikipedia.org/wiki/Minimum-shift_keying#Gaussian_minimum-shift_keying}},
  year = {2024},
  note = {Accessed: 2024-08-19}
}

@misc{electronics_notes_msk,
  author       = {{Electronics Notes}},
  title        = {What is Minimum Shift Keying (MSK)?},
  url          = {https://www.electronics-notes.com/articles/radio/modulation/what-is-msk-minimum-shift-keying.php},
  year         = {2024},
  note         = {Accessed: 2024-08-19}
}

@misc{wikipedia_continuous_phase_modulation,
  author       = {{Wikipedia Contributors}},
  title        = {Continuous phase modulation},
  url          = {https://en.wikipedia.org/wiki/Continuous_phase_modulation},
  year         = {2024},
  note         = {Accessed: 2024-08-19}
}