@techreport{iec60063,
    type = {Standard},
    key = {IEC 60063},
    year= {2015},
    title = {International Electrotechnical Commission},        
    institution = {INTERNATIONAL STANDARD}
}

@book{halliday,
	author = {Halliday, David and Resnick, Robert},
	title = {Fundamentos de física, volume 3},
	year = {2021},
	edition = {10. ed.},
}

@book{boylestad2014dispositivos,
    author = {Boylestad, Robert L. and Nashelsky, Louis},
    title = {Dispositivos Eletrônicos e Teoria de Circuitos},
    year = {2014},
    edition = {11. ed.},
    publisher = {Pearson},
    address = {São Paulo}
}

@book{hayt2019analise,
    author = {Hayt, William H. and Kemmerly, Jack E. and Durbin, Steven M.},
    title = {Análise de Circuitos em Engenharia},
    year = {2019},
    edition = {8. ed.},
    publisher = {AMGH},
    address = {Porto Alegre}
}

@book{hallidayresnickwalker2023,
  title     = {Fundamentos de Física: Gravitação, Ondas e Termodinâmica, Volume 2},
  author    = {Halliday, David and Resnick, Robert and Walker, Jearl},
  year      = {2023},
  publisher = {LTC},
  address   = {Rio de Janeiro},
  edition   = {12},
  isbn      = {9788521637233}
}